<?xml version="1.0" encoding="UTF-8"?>
  <record xmlns="http://www.loc.gov/MARC21/slim" type="Authority">
    <leader>00000nz  a2200000nc 4500</leader>
    <controlfield tag="001">115772316</controlfield>
    <controlfield tag="003">DE-101</controlfield>
    <controlfield tag="005">20210909194314.0</controlfield>
    <controlfield tag="008">971017n||azznnaabn           | aaa    |c</controlfield>
    <datafield tag="024" ind1="7" ind2=" ">
      <subfield code="a">115772316</subfield>
      <subfield code="0">http://d-nb.info/gnd/115772316</subfield>
      <subfield code="2">gnd</subfield>
    </datafield>
    <datafield tag="035" ind1=" " ind2=" ">
      <subfield code="a">(DE-101)115772316</subfield>
    </datafield>
    <datafield tag="035" ind1=" " ind2=" ">
      <subfield code="a">(DE-588)115772316</subfield>
    </datafield>
    <datafield tag="035" ind1=" " ind2=" ">
      <subfield code="z">(DE-588a)115772316</subfield>
      <subfield code="9">v:zg</subfield>
    </datafield>
    <datafield tag="035" ind1=" " ind2=" ">
      <subfield code="z">(DE-588c)7845425-6</subfield>
      <subfield code="9">v:zg</subfield>
    </datafield>
    <datafield tag="040" ind1=" " ind2=" ">
      <subfield code="a">DE-12</subfield>
      <subfield code="c">DE-12</subfield>
      <subfield code="9">r:DE-12</subfield>
      <subfield code="b">ger</subfield>
      <subfield code="d">1841</subfield>
    </datafield>
    <datafield tag="042" ind1=" " ind2=" ">
      <subfield code="a">gnd1</subfield>
    </datafield>
    <datafield tag="043" ind1=" " ind2=" ">
      <subfield code="c">XA-DE</subfield>
    </datafield>
    <datafield tag="065" ind1=" " ind2=" ">
      <subfield code="a">3.6p</subfield>
      <subfield code="2">sswd</subfield>
    </datafield>
    <datafield tag="075" ind1=" " ind2=" ">
      <subfield code="b">p</subfield>
      <subfield code="2">gndgen</subfield>
    </datafield>
    <datafield tag="075" ind1=" " ind2=" ">
      <subfield code="b">piz</subfield>
      <subfield code="2">gndspec</subfield>
    </datafield>
    <datafield tag="079" ind1=" " ind2=" ">
      <subfield code="a">g</subfield>
      <subfield code="q">a</subfield>
      <subfield code="q">d</subfield>
      <subfield code="q">f</subfield>
      <subfield code="q">s</subfield>
      <subfield code="q">z</subfield>
      <subfield code="u">k</subfield>
      <subfield code="u">w</subfield>
      <subfield code="u">o</subfield>
    </datafield>
    <datafield tag="100" ind1="0" ind2=" ">
      <subfield code="a">Johann Christoph</subfield>
      <subfield code="c">Eichstätt, Bischof</subfield>
      <subfield code="d">1565-1636</subfield>
    </datafield>
    <datafield tag="375" ind1=" " ind2=" ">
      <subfield code="a">1</subfield>
      <subfield code="2">iso5218</subfield>
    </datafield>
    <datafield tag="400" ind1="0" ind2=" ">
      <subfield code="a">Johann Christoph</subfield>
      <subfield code="b">I.</subfield>
      <subfield code="c">von Ellwangen</subfield>
      <subfield code="d">1565-1636</subfield>
    </datafield>
    <datafield tag="400" ind1="0" ind2=" ">
      <subfield code="a">Johannes Christophorus</subfield>
      <subfield code="c">Eichstetensis</subfield>
      <subfield code="d">1565-1636</subfield>
    </datafield>
    <datafield tag="400" ind1="0" ind2=" ">
      <subfield code="a">Johannes Christophorus</subfield>
      <subfield code="c">Eistadianensis</subfield>
      <subfield code="d">1565-1636</subfield>
    </datafield>
    <datafield tag="400" ind1="0" ind2=" ">
      <subfield code="a">Johannes Christopher</subfield>
      <subfield code="c">Eichstätt, Bischof</subfield>
      <subfield code="d">1565-1636</subfield>
    </datafield>
    <datafield tag="400" ind1="0" ind2=" ">
      <subfield code="a">Johannes Christoph</subfield>
      <subfield code="c">Eichstätt, Bischof</subfield>
      <subfield code="d">1565-1636</subfield>
    </datafield>
    <datafield tag="400" ind1="0" ind2=" ">
      <subfield code="a">Johannes Christophorus</subfield>
      <subfield code="c">Episcopus Eystettensis</subfield>
      <subfield code="d">1565-1636</subfield>
    </datafield>
    <datafield tag="400" ind1="0" ind2=" ">
      <subfield code="a">Joannes Christophorus</subfield>
      <subfield code="c">Episcopus Eystettensis</subfield>
      <subfield code="d">1565-1636</subfield>
    </datafield>
    <datafield tag="400" ind1="0" ind2=" ">
      <subfield code="a">Joannes Christophorus</subfield>
      <subfield code="c">Episcopus Eystadianus</subfield>
      <subfield code="d">1565-1636</subfield>
    </datafield>
    <datafield tag="400" ind1="0" ind2=" ">
      <subfield code="a">Johan Christoph</subfield>
      <subfield code="c">Eystett, Bischof</subfield>
      <subfield code="d">1565-1636</subfield>
    </datafield>
    <datafield tag="400" ind1="0" ind2=" ">
      <subfield code="a">Johann Christoff</subfield>
      <subfield code="c">Eystett, Bischoff</subfield>
      <subfield code="d">1565-1636</subfield>
    </datafield>
    <datafield tag="400" ind1="1" ind2=" ">
      <subfield code="a">Westerstetten, Johann Christoph &#152;von&#156;</subfield>
      <subfield code="d">1565-1636</subfield>
    </datafield>
    <datafield tag="400" ind1="1" ind2=" ">
      <subfield code="a">Westerstetten, Johann Christoph</subfield>
      <subfield code="c">Fürstpropst von</subfield>
      <subfield code="d">1565-1636</subfield>
    </datafield>
    <datafield tag="400" ind1="1" ind2=" ">
      <subfield code="a">Westerstetten, Johann Christof &#152;von&#156;</subfield>
      <subfield code="d">1565-1636</subfield>
    </datafield>
    <datafield tag="400" ind1="1" ind2=" ">
      <subfield code="a">Westerstetten, Johannes Christophorus &#152;a&#156;</subfield>
      <subfield code="d">1565-1636</subfield>
    </datafield>
    <datafield tag="400" ind1="1" ind2=" ">
      <subfield code="a">Westerstetten, Joannes Christophorus &#152;a&#156;</subfield>
      <subfield code="d">1565-1636</subfield>
    </datafield>
    <datafield tag="400" ind1="0" ind2=" ">
      <subfield code="a">Johann Christoph</subfield>
      <subfield code="c">von Ellwangen, I.</subfield>
      <subfield code="d">1565-1636</subfield>
    </datafield>
    <datafield tag="400" ind1="0" ind2=" ">
      <subfield code="a">Johann Christoph</subfield>
      <subfield code="b">I.</subfield>
      <subfield code="c">Fürstpropst von Westerstetten</subfield>
      <subfield code="d">1565-1636</subfield>
    </datafield>
    <datafield tag="548" ind1=" " ind2=" ">
      <subfield code="a">1565-1636</subfield>
      <subfield code="4">datl</subfield>
      <subfield code="4">https://d-nb.info/standards/elementset/gnd#dateOfBirthAndDeath</subfield>
      <subfield code="w">r</subfield>
      <subfield code="i">Lebensdaten</subfield>
      <subfield code="9">v:anderslt. Geburtsjahr: 1563, anderslt. Todesjahr: 1637</subfield>
    </datafield>
    <datafield tag="548" ind1=" " ind2=" ">
      <subfield code="a">06.01.1563-28.07.1637</subfield>
      <subfield code="4">datx</subfield>
      <subfield code="4">https://d-nb.info/standards/elementset/gnd#dateOfBirthAndDeath</subfield>
      <subfield code="w">r</subfield>
      <subfield code="i">Exakte Lebensdaten</subfield>
    </datafield>
    <datafield tag="550" ind1=" " ind2=" ">
      <subfield code="0">(DE-101)040069494</subfield>
      <subfield code="0">(DE-588)4006949-7</subfield>
      <subfield code="0">https://d-nb.info/gnd/4006949-7</subfield>
      <subfield code="a">Bischof</subfield>
      <subfield code="4">berc</subfield>
      <subfield code="4">https://d-nb.info/standards/elementset/gnd#professionOrOccupation</subfield>
      <subfield code="w">r</subfield>
      <subfield code="i">Charakteristischer Beruf</subfield>
    </datafield>
    <datafield tag="550" ind1=" " ind2=" ">
      <subfield code="0">(DE-101)042090687</subfield>
      <subfield code="0">(DE-588)4209068-4</subfield>
      <subfield code="0">https://d-nb.info/gnd/4209068-4</subfield>
      <subfield code="a">Propst</subfield>
      <subfield code="4">beru</subfield>
      <subfield code="4">https://d-nb.info/standards/elementset/gnd#professionOrOccupation</subfield>
      <subfield code="w">r</subfield>
      <subfield code="i">Beruf</subfield>
    </datafield>
    <datafield tag="551" ind1=" " ind2=" ">
      <subfield code="0">(DE-101)040646963</subfield>
      <subfield code="0">(DE-588)4064696-8</subfield>
      <subfield code="0">https://d-nb.info/gnd/4064696-8</subfield>
      <subfield code="a">Wasseralfingen</subfield>
      <subfield code="4">ortg</subfield>
      <subfield code="4">https://d-nb.info/standards/elementset/gnd#placeOfBirth</subfield>
      <subfield code="w">r</subfield>
      <subfield code="i">Geburtsort</subfield>
    </datafield>
    <datafield tag="551" ind1=" " ind2=" ">
      <subfield code="0">(DE-101)040137252</subfield>
      <subfield code="0">(DE-588)4013725-9</subfield>
      <subfield code="0">https://d-nb.info/gnd/4013725-9</subfield>
      <subfield code="a">Eichstätt</subfield>
      <subfield code="4">orts</subfield>
      <subfield code="4">https://d-nb.info/standards/elementset/gnd#placeOfDeath</subfield>
      <subfield code="w">r</subfield>
      <subfield code="i">Sterbeort</subfield>
    </datafield>
    <datafield tag="551" ind1=" " ind2=" ">
      <subfield code="0">(DE-101)040137252</subfield>
      <subfield code="0">(DE-588)4013725-9</subfield>
      <subfield code="0">https://d-nb.info/gnd/4013725-9</subfield>
      <subfield code="a">Eichstätt</subfield>
      <subfield code="4">ortw</subfield>
      <subfield code="4">https://d-nb.info/standards/elementset/gnd#placeOfActivity</subfield>
      <subfield code="w">r</subfield>
      <subfield code="i">Wirkungsort</subfield>
    </datafield>
    <datafield tag="551" ind1=" " ind2=" ">
      <subfield code="0">(DE-101)040144917</subfield>
      <subfield code="0">(DE-588)4014491-4</subfield>
      <subfield code="0">https://d-nb.info/gnd/4014491-4</subfield>
      <subfield code="a">Ellwangen (Jagst)</subfield>
      <subfield code="4">ortw</subfield>
      <subfield code="4">https://d-nb.info/standards/elementset/gnd#placeOfActivity</subfield>
      <subfield code="w">r</subfield>
      <subfield code="i">Wirkungsort</subfield>
    </datafield>
    <datafield tag="667" ind1=" " ind2=" ">
      <subfield code="a">12</subfield>
    </datafield>
    <datafield tag="667" ind1=" " ind2=" ">
      <subfield code="a">VD-17</subfield>
    </datafield>
    <datafield tag="667" ind1=" " ind2=" ">
      <subfield code="a">DBSM</subfield>
    </datafield>
    <datafield tag="667" ind1=" " ind2=" ">
      <subfield code="a">LABI-BW-WLB</subfield>
    </datafield>
    <datafield tag="670" ind1=" " ind2=" ">
      <subfield code="a">NDB 16 (1990), S. 239 in Artikel Marquard Graf von</subfield>
    </datafield>
    <datafield tag="670" ind1=" " ind2=" ">
      <subfield code="a">Internet</subfield>
      <subfield code="u">http://www.geschichte-ellwangen.eu/Lexikon/christophvonwesterstetten.html</subfield>
    </datafield>
    <datafield tag="670" ind1=" " ind2=" ">
      <subfield code="a">Landesbibliographie Baden-Württemberg</subfield>
    </datafield>
    <datafield tag="670" ind1=" " ind2=" ">
      <subfield code="a">DbA II 658,377 und III 986,205</subfield>
    </datafield>
    <datafield tag="672" ind1=" " ind2="0">
      <subfield code="a">Liber Rituum Ecclesiasticorum Episcopatus Eystettensis, Ad Normam Ritualis Romani Accomodatus. - 1619</subfield>
    </datafield>
    <datafield tag="672" ind1=" " ind2="0">
      <subfield code="a">Proprium Festorum Dioecesis, Et Chori Eystetensis. - 1622</subfield>
    </datafield>
    <datafield tag="678" ind1=" " ind2=" ">
      <subfield code="b">1603-1613 Fürstpropst von Ellwangen; 1612-1637 Bischof von Eichstätt</subfield>
    </datafield>
    <datafield tag="913" ind1=" " ind2=" ">
      <subfield code="S">pnd</subfield>
      <subfield code="i">5</subfield>
      <subfield code="a">Johann Christoph &lt;Eichstätt, Bischof&gt;</subfield>
      <subfield code="0">(DE-588a)115772316</subfield>
    </datafield>
  </record>
